2372 3582
433 401 487 440 44
692 399 765 439 An
795 399 1074 451 Anonymous
1105 401 1267 453 Epistle
1298 403 1344 454 os
1370 403 1482 444 Dido
1514 407 1551 444 to
1582 403 1750 444 Aeneas

547 532 691 573 Tutus
718 532 873 574 fraude
902 547 1065 585 manes,
1095 539 1139 576 et
1167 548 1245 576 nos
1273 535 1439 585 pietate
1467 536 1676 586 perimus!

547 599 751 649 Inprobe,
784 599 903 650 dure,
936 613 1110 651 nocens,
1145 601 1341 651 crudelis,
1376 601 1551 652 perfide,
1585 602 1730 652 fallax,

436 665 515 706 125
541 664 702 706 Officiis
737 665 906 716 ingrate
940 667 1064 708 meis!
1125 667 1239 717 Quid
1274 668 1410 708 verba
1445 668 1695 709 minantur?

546 730 649 771 Non
679 731 774 772 odit
803 732 878 782 qui
909 736 1016 773 vota
1046 733 1177 783 dolet,
1211 747 1289 774 nec
1320 733 1452 784 digna
1482 734 1682 784 rependit

547 796 772 848 Quidquid
803 798 921 839 laesa
950 798 1098 848 gemit.
1160 799 1260 839 Tibi
1291 813 1447 849 nempe
1478 800 1680 840 remissus
1712 799 1902 841 habetur

546 862 658 913 Lege
690 863 868 913 pudoris
901 877 1038 904 amor.
1100 864 1184 904 Cui
1216 869 1345 905 tanta
1378 865 1547 906 dedisse
1579 879 1786 916 recusem,

546 928 739 979 Sceptra,
777 929 971 980 domum,
1008 930 1178 980 Tyrios,
1215 944 1411 981 regnum,
1451 931 1732 983 Carthaginis
1767 945 1900 983 arces,

434 995 514 1035 130
539 994 598 1035 Et
633 995 849 1045 quidquid
885 995 1108 1046 regnantis
1145 996 1264 1037 erat?
1328 996 1396 1037 De
1433 998 1630 1048 coniuge,
1668 998 1814 1049 fallaX,

544 1060 647 1100 Non
675 1060 727 1101 de
754 1061 846 1102 iure
873 1075 1043 1112 queror,
1072 1062 1281 1103 meritum
1307 1062 1342 1103 si
1370 1075 1459 1103 non
1487 1063 1622 1104 habet
1649 1064 1792 1115 ardor,

544 1125 627 1167 Sed
652 1127 771 1176 quod
796 1127 953 1177 hospes
977 1141 1084 1178 eras,
1111 1141 1189 1169 nec
1214 1132 1258 1169 te
1283 1128 1422 1179 magis
1447 1143 1540 1170 esse
1562 1134 1794 1171 nocentem

547 1191 691 1242 Quam
720 1193 940 1244 miserum,
971 1194 1174 1245 Troiane,
1205 1199 1328 1245 puto,
1359 1195 1434 1245 qui
1463 1195 1595 1246 digna
1622 1196 1791 1246 repellis

546 1257 669 1298 Dum
700 1271 791 1300 non
824 1259 956 1311 digna
988 1260 1367 1311 cupis—nondum
1398 1261 1509 1302 bene
1539 1261 1677 1303 siccus
1709 1262 1766 1303 ad
1798 1275 1964 1313 aequor

427 1464 505 1498 123.
557 1465 675 1500 Totus
698 1465 832 1502 frauda
855 1467 900 1508 A,
926 1479 1012 1502 corr.
1038 1468 1202 1502 Burman
1251 1472 1292 1503 at
1315 1480 1382 1503 nos
1395 1468 1609 1511 Oudendorp
1661 1470 1739 1504 126.
1789 1468 1891 1504 dicta
1903 1469 2028 1503 Baeh-

439 1530 502 1553 ens
554 1522 631 1555 127.
682 1521 857 1564 Quisquis
879 1523 1027 1565 Maehly
1075 1523 1156 1558 lexa
1178 1524 1223 1566 A,
1248 1524 1347 1559 laesa
1368 1524 1478 1566 vulgo,
1503 1523 1610 1567 plexa
1632 1524 1777 1567 Heinse‚
1801 1524 1880 1559 rixa
1902 1524 2019 1558 Baeh-

421 1585 506 1608 rens
540 1587 597 1610 me
617 1587 663 1618 pe
681 1577 853 1612 remissus
873 1577 918 1619 A,
934 1589 992 1612 me
1008 1578 1204 1620 permissus
1221 1579 1330 1621 vulgo,
1345 1590 1479 1622 nempe
1491 1579 1663 1614 remissus
1677 1579 1868 1621 Baehrens,
1884 1579 2019 1614 Tibine

425 1630 670 1672 rnpermissus
689 1632 903 1675 Oudendorp
936 1635 1012 1668 128.
1040 1633 1188 1676 podoris
1208 1635 1240 1668 A
1301 1634 1371 1669 Cui
1398 1635 1443 1677 A,
1459 1634 1531 1677 Qui
1548 1635 1785 1677 (=quomodo)
1802 1635 1905 1669 Riese
1940 1636 2020 1669 129.

426 1684 651 1728 chartaginis
680 1687 713 1721 A
767 1689 844 1722 130.
896 1688 992 1723 fallis
1021 1689 1201 1723 Baehrens
1254 1691 1331 1724 132.
1382 1689 1438 1725 Sit
1469 1690 1556 1733 Hz'yt
1590 1691 1667 1725 134.
1717 1689 1807 1725 Sum
1836 1690 1883 1732 A,
1915 1690 2020 1724 Dum

426 1740 651 1785 Oudendorp,
670 1742 808 1778 Somno
826 1742 938 1786 digna
954 1744 993 1778 H
994 1746 1090 1778 einse
1133 1744 1230 1779 sicus
1248 1745 1294 1779 A.

428 1941 591 1975 124.F0r
610 1941 674 1976 the
692 1942 898 1977 succession
917 1942 956 1978 of
974 1942 1137 1986 epithets
1155 1943 1230 1978 and
1249 1943 1458 1987 asyndeton
1478 1943 1524 1978 cf.
1545 1944 1684 1979 Auson.
1704 1945 1785 1979 298.
1806 1945 1925 1979 29-30

566 1995 680 2039 Salve,
693 1998 779 2039 sons
795 2000 910 2040 iynote
925 2003 1013 2040 ortu,
1032 2010 1138 2041 sacer,
1157 1999 1263 2041 alma,
1282 2001 1449 2041 perennis

572 2052 697 2094 Vitree,
725 2052 856 2096 ylauce,
885 2054 1070 2096 profunde,
1099 2066 1232 2096 sonore,
1260 2054 1399 2097 illimis,
1427 2066 1546 2097 opace.

519 2106 594 2140 and
617 2107 722 2150 Verg.
747 2108 837 2142 Aen.
863 2110 895 2143 3.
921 2110 989 2144 658
1038 2114 1234 2144 monstrum
1257 2110 1479 2152 horrendum,
1504 2111 1665 2153 informe,
1689 2111 1827 2152 inqens.

521 2162 592 2196 For
611 2162 675 2197 the
694 2163 905 2206 asyndeton
925 2164 971 2198 cf.
996 2166 1074 2199 129.

425 2217 506 2251 125.
517 2217 613 2258 Quid
629 2222 716 2252 eta:
741 2231 789 2254 an
806 2219 944 2262 abrupt
961 2220 1100 2263 change
1116 2220 1154 2254 in
1172 2219 1303 2255 Dido’s
1320 2219 1442 2262 mood,
1460 2220 1599 2255 similar
1615 2224 1655 2255 to
1672 2219 1757 2255 that
1774 2218 1895 2254 which
1914 2218 1944 2254 is
1961 2218 2019 2254 in-

519 2271 667 2308 dicated
692 2273 730 2308 in
756 2276 812 2309 39.

427 2327 605 2362 126.Non
625 2329 697 2362 odit
718 2332 806 2364 eta:
833 2329 878 2364 cf.
902 2329 971 2364 Ov.
994 2331 1113 2372 Epist.
1137 2332 1170 2365 7.
1193 2332 1311 2365 29—30

660 2384 745 2418 Non
771 2389 887 2419 lamen
913 2385 1072 2427 Aenean,
1100 2388 1261 2428 quamvis
1286 2385 1377 2420 male
1402 2387 1539 2428 coyitat,
1567 2385 1638 2428 odi,

754 2439 824 2475 Sed
843 2452 967 2483 queror
984 2441 1150 2484 infidum,
1172 2445 1359 2484 questaque
1379 2443 1482 2483 peius
1501 2452 1593 2475 amo.

473 2493 583 2535 diona
602 2495 777 2537 rependit:
803 2495 849 2530 cf.
882 2496 992 2539 diyna
1023 2497 1191 2540 rependes
1222 2496 1261 2531 of
1281 2496 1346 2532 the
1365 2495 1515 2539 refrain,
1541 2497 1608 2530 100
1633 2499 1705 2531 etc.
