<?xml version="1.0" encoding="UTF-8"?>
<!DOCTYPE html PUBLIC "-//W3C//DTD XHTML 1.0 Transitional//EN"
    "http://www.w3.org/TR/xhtml1/DTD/xhtml1-transitional.dtd">
<html xmlns="http://www.w3.org/1999/xhtml" xml:lang="en" lang="en">
 <head>
  <title>
</title>
<meta http-equiv="Content-Type" content="text/html;charset=utf-8" />
  <meta name='ocr-system' content='tesseract 3.04.00' />
  <meta name='ocr-capabilities' content='ocr_page ocr_carea ocr_par ocr_line ocrx_word'/>
</head>
<body>
  <div class='ocr_page' id='page_1' title='image "anonymousepistle00philuoft_0016.png"; bbox 0 0 2372 3582; ppageno 0'>
   <div class='ocr_carea' id='block_1_1' title="bbox 482 424 1796 477">
    <p class='ocr_par' dir='ltr' id='par_1_1' title="bbox 482 424 1796 477">
     <span class='ocr_line' id='line_1_1' title="bbox 482 424 1796 477; baseline -0.004 -5"><span class='ocrx_word' id='word_1_1' title='bbox 482 432 533 472; x_wconf 89' lang='lat'>14</span> <span class='ocrx_word' id='word_1_2' title='bbox 739 428 812 469; x_wconf 89' lang='lat' dir='ltr'>An</span> <span class='ocrx_word' id='word_1_3' title='bbox 842 427 1120 477; x_wconf 79' lang='lat' dir='ltr'>Anonymous</span> <span class='ocrx_word' id='word_1_4' title='bbox 1152 425 1314 476; x_wconf 83' lang='lat' dir='ltr'>Epistle</span> <span class='ocrx_word' id='word_1_5' title='bbox 1345 425 1391 476; x_wconf 88' lang='lat' dir='ltr'>os</span> <span class='ocrx_word' id='word_1_6' title='bbox 1417 424 1530 466; x_wconf 85' lang='lat' dir='ltr'>Dido</span> <span class='ocrx_word' id='word_1_7' title='bbox 1561 429 1599 466; x_wconf 90' lang='lat' dir='ltr'>to</span> <span class='ocrx_word' id='word_1_8' title='bbox 1629 425 1796 467; x_wconf 89' lang='lat' dir='ltr'>Aeneas</span> 
     </span>
    </p>
   </div>
   <div class='ocr_carea' id='block_1_2' title="bbox 1051 689 1490 730">
    <p class='ocr_par' dir='ltr' id='par_1_2' title="bbox 1051 689 1490 730">
     <span class='ocr_line' id='line_1_2' title="bbox 1051 689 1490 730; baseline 0 -1"><span class='ocrx_word' id='word_1_9' title='bbox 1051 689 1205 730; x_wconf 92' lang='lat' dir='ltr'>DIDO</span> <span class='ocrx_word' id='word_1_10' title='bbox 1233 689 1490 730; x_wconf 81' lang='lat' dir='ltr'>AENEAE&#39;</span> 
     </span>
    </p>
   </div>
   <div class='ocr_carea' id='block_1_3' title="bbox 1134 800 1400 840">
    <p class='ocr_par' dir='ltr' id='par_1_3' title="bbox 1134 800 1400 840">
     <span class='ocr_line' id='line_1_3' title="bbox 1134 800 1400 840; baseline 0.004 -1"><span class='ocrx_word' id='word_1_11' title='bbox 1134 800 1400 840; x_wconf 76' lang='lat' dir='ltr'><strong>PRAEFATIO</strong></span> 
     </span>
    </p>
   </div>
   <div class='ocr_carea' id='block_1_4' title="bbox 504 887 1887 1204">
    <p class='ocr_par' dir='ltr' id='par_1_4' title="bbox 589 887 1887 1137">
     <span class='ocr_line' id='line_1_4' title="bbox 590 887 1828 939; baseline -0.002 -8"><span class='ocrx_word' id='word_1_12' title='bbox 590 890 658 931; x_wconf 84' lang='lat' dir='ltr'>Sic</span> <span class='ocrx_word' id='word_1_13' title='bbox 689 894 767 931; x_wconf 82' lang='lat' dir='ltr'>tua</span> <span class='ocrx_word' id='word_1_14' title='bbox 797 902 967 939; x_wconf 82' lang='lat' dir='ltr'>semper</span> <span class='ocrx_word' id='word_1_15' title='bbox 996 901 1129 937; x_wconf 83' lang='lat' dir='ltr'>ames,</span> <span class='ocrx_word' id='word_1_16' title='bbox 1162 887 1360 937; x_wconf 87' lang='lat' dir='ltr'>quisquis</span> <span class='ocrx_word' id='word_1_17' title='bbox 1392 887 1464 938; x_wconf 85' lang='lat' dir='ltr'>pia</span> <span class='ocrx_word' id='word_1_18' title='bbox 1494 891 1602 929; x_wconf 87' lang='lat' dir='ltr'>vota</span> <span class='ocrx_word' id='word_1_19' title='bbox 1631 888 1828 939; x_wconf 85' lang='lat' dir='ltr'><strong>requiris,</strong></span> 
     </span>
     <span class='ocr_line' id='line_1_5' title="bbox 589 953 1829 1005; baseline -0.001 -8"><span class='ocrx_word' id='word_1_20' title='bbox 589 957 753 997; x_wconf 86' lang='lat' dir='ltr'>Nostra</span> <span class='ocrx_word' id='word_1_21' title='bbox 783 955 967 995; x_wconf 73' lang='lat' dir='ltr'>libenter</span> <span class='ocrx_word' id='word_1_22' title='bbox 997 953 1128 1004; x_wconf 83' lang='lat' dir='ltr'>habe;</span> <span class='ocrx_word' id='word_1_23' title='bbox 1160 953 1267 1004; x_wconf 84' lang='lat' dir='ltr'>quid</span> <span class='ocrx_word' id='word_1_24' title='bbox 1299 954 1503 995; x_wconf 85' lang='lat' dir='ltr'>carminis</span> <span class='ocrx_word' id='word_1_25' title='bbox 1534 954 1626 995; x_wconf 89' lang='lat' dir='ltr'>otia</span> <span class='ocrx_word' id='word_1_26' title='bbox 1656 954 1829 1005; x_wconf 82' lang='lat' dir='ltr'>ludant,</span> 
     </span>
     <span class='ocr_line' id='line_1_6' title="bbox 589 1019 1887 1071; baseline -0.001 -8"><span class='ocrx_word' id='word_1_27' title='bbox 589 1023 728 1063; x_wconf 85' lang='lat' dir='ltr'>Cerne</span> <span class='ocrx_word' id='word_1_28' title='bbox 758 1021 911 1071; x_wconf 85' lang='lat' dir='ltr'>bonus,</span> <span class='ocrx_word' id='word_1_29' title='bbox 943 1019 1191 1070; x_wconf 86' lang='lat' dir='ltr'>mentisque</span> <span class='ocrx_word' id='word_1_30' title='bbox 1221 1019 1353 1060; x_wconf 89' lang='lat' dir='ltr'>fidem</span> <span class='ocrx_word' id='word_1_31' title='bbox 1382 1020 1545 1070; x_wconf 85' lang='lat' dir='ltr'>probus</span> <span class='ocrx_word' id='word_1_32' title='bbox 1574 1020 1714 1061; x_wconf 87' lang='lat' dir='ltr'>incole</span> <span class='ocrx_word' id='word_1_33' title='bbox 1742 1020 1887 1062; x_wconf 83' lang='lat' dir='ltr'>iudex.</span> 
     </span>
     <span class='ocr_line' id='line_1_7' title="bbox 589 1086 1832 1137; baseline 0 -9"><span class='ocrx_word' id='word_1_34' title='bbox 589 1088 728 1129; x_wconf 85' lang='lat' dir='ltr'>Dulce</span> <span class='ocrx_word' id='word_1_35' title='bbox 750 1091 879 1128; x_wconf 84' lang='lat' dir='ltr'>sonat</span> <span class='ocrx_word' id='word_1_36' title='bbox 901 1086 1020 1137; x_wconf 90' lang='lat' dir='ltr'>quod</span> <span class='ocrx_word' id='word_1_37' title='bbox 1044 1090 1198 1126; x_wconf 85' lang='lat' dir='ltr'>cantat</span> <span class='ocrx_word' id='word_1_38' title='bbox 1220 1098 1344 1126; x_wconf 86' lang='lat' dir='ltr'>amor</span> <span class='ocrx_word' id='word_1_39' title='bbox 1352 1099 1361 1136; x_wconf 89' lang='lat'>;</span> <span class='ocrx_word' id='word_1_40' title='bbox 1386 1086 1453 1127; x_wconf 92' lang='lat' dir='ltr'>cui</span> <span class='ocrx_word' id='word_1_41' title='bbox 1476 1090 1603 1137; x_wconf 86' lang='lat' dir='ltr'>grata</span> <span class='ocrx_word' id='word_1_42' title='bbox 1624 1086 1832 1137; x_wconf 85' lang='lat' dir='ltr'>voluptas</span> 
     </span>
    </p>

    <p class='ocr_par' dir='ltr' id='par_1_5' title="bbox 504 1151 1775 1204">
     <span class='ocr_line' id='line_1_8' title="bbox 504 1151 1775 1204; baseline -0.002 -8"><span class='ocrx_word' id='word_1_43' title='bbox 504 1157 529 1196; x_wconf 89' lang='lat'>5</span> <span class='ocrx_word' id='word_1_44' title='bbox 589 1155 694 1195; x_wconf 88' lang='lat' dir='ltr'>Esse</span> <span class='ocrx_word' id='word_1_45' title='bbox 725 1157 885 1204; x_wconf 81' lang='lat' dir='ltr'>potest,</span> <span class='ocrx_word' id='word_1_46' title='bbox 917 1151 1141 1193; x_wconf 83' lang='lat' dir='ltr'>modicum</span> <span class='ocrx_word' id='word_1_47' title='bbox 1170 1151 1376 1203; x_wconf 80' lang='lat' dir='ltr'>dignetur</span> <span class='ocrx_word' id='word_1_48' title='bbox 1405 1166 1553 1194; x_wconf 85' lang='lat' dir='ltr'>amare</span> <span class='ocrx_word' id='word_1_49' title='bbox 1583 1157 1775 1203; x_wconf 85' lang='lat' dir='ltr'>poetam.</span> 
     </span>
    </p>
   </div>
   <div class='ocr_carea' id='block_1_5' title="bbox 1134 1252 1397 1262">
    <p class='ocr_par' dir='ltr' id='par_1_6' title="bbox 1134 1252 1397 1262">
     <span class='ocr_line' id='line_1_9' title="bbox 1134 1252 1397 1262; baseline 0 0"><span class='ocrx_word' id='word_1_50' title='bbox 1134 1252 1397 1262; x_wconf 95' lang='lat' dir='ltr'> </span> 
     </span>
    </p>
   </div>
   <div class='ocr_carea' id='block_1_6' title="bbox 470 1314 2062 1471">
    <p class='ocr_par' dir='ltr' id='par_1_7' title="bbox 470 1314 2062 1471">
     <span class='ocr_line' id='line_1_10' title="bbox 474 1314 2062 1358; baseline -0.001 -6"><span class='ocrx_word' id='word_1_51' title='bbox 474 1317 572 1352; x_wconf 89' lang='lat' dir='ltr'>Dido</span> <span class='ocrx_word' id='word_1_52' title='bbox 589 1317 733 1351; x_wconf 84' lang='lat' dir='ltr'>Aeneae</span> <span class='ocrx_word' id='word_1_53' title='bbox 750 1328 816 1350; x_wconf 86' lang='lat' dir='ltr'>om.</span> <span class='ocrx_word' id='word_1_54' title='bbox 835 1316 867 1350; x_wconf 93' lang='lat' dir='ltr'><strong><em>A</em></strong></span> <span class='ocrx_word' id='word_1_55' title='bbox 919 1317 951 1349; x_wconf 89' lang='lat'>2.</span> <span class='ocrx_word' id='word_1_56' title='bbox 970 1315 1039 1350; x_wconf 85' lang='lat' dir='ltr'>abe</span> <span class='ocrx_word' id='word_1_57' title='bbox 1056 1315 1087 1349; x_wconf 91' lang='lat' dir='ltr'><strong><em>A</em></strong></span> <span class='ocrx_word' id='word_1_58' title='bbox 1140 1315 1352 1349; x_wconf 86' lang='lat' dir='ltr'>carmininis</span> <span class='ocrx_word' id='word_1_59' title='bbox 1368 1314 1448 1350; x_wconf 84' lang='lat' dir='ltr'>ocia</span> <span class='ocrx_word' id='word_1_60' title='bbox 1464 1315 1497 1349; x_wconf 88' lang='lat' dir='ltr'><strong><em>A</em></strong></span> <span class='ocrx_word' id='word_1_61' title='bbox 1549 1317 1581 1350; x_wconf 87' lang='grc'>3.</span> <span class='ocrx_word' id='word_1_62' title='bbox 1601 1315 1717 1351; x_wconf 86' lang='lat' dir='ltr'>incole</span> <span class='ocrx_word' id='word_1_63' title='bbox 1734 1316 1780 1358; x_wconf 84' lang='lat' dir='ltr'>A,</span> <span class='ocrx_word' id='word_1_64' title='bbox 1806 1316 1918 1351; x_wconf 87' lang='lat' dir='ltr'>indue</span> <span class='ocrx_word' id='word_1_65' title='bbox 1946 1316 2062 1350; x_wconf 84' lang='lat' dir='ltr'>Baeh-</span> 
     </span>
     <span class='ocr_line' id='line_1_11' title="bbox 470 1369 2062 1415; baseline 0 -8"><span class='ocrx_word' id='word_1_66' title='bbox 470 1384 560 1415; x_wconf 84' lang='lat' dir='ltr'>rens,</span> <span class='ocrx_word' id='word_1_67' title='bbox 582 1371 703 1406; x_wconf 90' lang='lat' dir='ltr'>indole</span> <span class='ocrx_word' id='word_1_68' title='bbox 722 1372 809 1414; x_wconf 74' lang='lat' dir='ltr'>Hiyt</span> <span class='ocrx_word' id='word_1_69' title='bbox 858 1372 879 1405; x_wconf 88' lang='lat'>4</span> <span class='ocrx_word' id='word_1_70' title='bbox 898 1375 929 1404; x_wconf 90' lang='lat' dir='ltr'>et</span> <span class='ocrx_word' id='word_1_71' title='bbox 948 1372 970 1405; x_wconf 88' lang='grc'><strong>6</strong></span> <span class='ocrx_word' id='word_1_72' title='bbox 989 1373 1030 1404; x_wconf 88' lang='lat' dir='ltr'>in</span> <span class='ocrx_word' id='word_1_73' title='bbox 1050 1370 1080 1405; x_wconf 80' lang='lat' dir='ltr'><strong><em>C</em></strong></span> <span class='ocrx_word' id='word_1_74' title='bbox 1092 1369 1158 1412; x_wconf 90' lang='lat' dir='ltr'>sol.</span> <span class='ocrx_word' id='word_1_75' title='bbox 1183 1372 1200 1404; x_wconf 90' lang='lat'>1</span> <span class='ocrx_word' id='word_1_76' title='bbox 1221 1382 1256 1404; x_wconf 89' lang='lat' dir='ltr'>u.</span> <span class='ocrx_word' id='word_1_77' title='bbox 1278 1375 1309 1404; x_wconf 85' lang='lat' dir='ltr'>et</span> <span class='ocrx_word' id='word_1_78' title='bbox 1333 1371 1505 1405; x_wconf 87' lang='lat' dir='ltr'>Vaticano</span> <span class='ocrx_word' id='word_1_79' title='bbox 1525 1372 1593 1405; x_wconf 84' lang='lat'>639</span> <span class='ocrx_word' id='word_1_80' title='bbox 1606 1382 1633 1405; x_wconf 93' lang='lat' dir='ltr'>s.</span> <span class='ocrx_word' id='word_1_81' title='bbox 1648 1371 1708 1405; x_wconf 91' lang='lat' dir='ltr'>XI</span> <span class='ocrx_word' id='word_1_82' title='bbox 1725 1375 1842 1405; x_wconf 74' lang='lat' dir='ltr'>extant</span> <span class='ocrx_word' id='word_1_83' title='bbox 1891 1373 1924 1405; x_wconf 91' lang='lat'>4.</span> <span class='ocrx_word' id='word_1_84' title='bbox 1942 1371 2062 1414; x_wconf 84' lang='lat' dir='ltr'>gratia</span> 
     </span>
     <span class='ocr_line' id='line_1_12' title="bbox 472 1425 1287 1471; baseline -0.002 -9"><span class='ocrx_word' id='word_1_85' title='bbox 472 1428 517 1470; x_wconf 90' lang='lat' dir='ltr'>A,</span> <span class='ocrx_word' id='word_1_86' title='bbox 535 1431 640 1471; x_wconf 82' lang='lat' dir='ltr'>grata</span> <span class='ocrx_word' id='word_1_87' title='bbox 657 1427 687 1462; x_wconf 85' lang='lat' dir='ltr'><em>C</em></span> <span class='ocrx_word' id='word_1_88' title='bbox 701 1439 724 1461; x_wconf 96' lang='lat' dir='ltr'>a</span> <span class='ocrx_word' id='word_1_89' title='bbox 787 1425 960 1461; x_wconf 87' lang='lat' dir='ltr'>uoluntas</span> <span class='ocrx_word' id='word_1_90' title='bbox 977 1426 1006 1460; x_wconf 82' lang='lat' dir='ltr'><em>C</em></span> <span class='ocrx_word' id='word_1_91' title='bbox 1055 1428 1087 1460; x_wconf 91' lang='lat'>5.</span> <span class='ocrx_word' id='word_1_92' title='bbox 1106 1437 1230 1460; x_wconf 87' lang='lat' dir='ltr'>amore</span> <span class='ocrx_word' id='word_1_93' title='bbox 1250 1435 1287 1460; x_wconf 88' lang='grc' dir='ltr'>α.</span> 
     </span>
    </p>
   </div>
   <div class='ocr_carea' id='block_1_7' title="bbox 1135 1508 1392 1514">
    <p class='ocr_par' dir='ltr' id='par_1_8' title="bbox 1135 1508 1392 1514">
     <span class='ocr_line' id='line_1_13' title="bbox 1135 1508 1392 1514; baseline 0 0"><span class='ocrx_word' id='word_1_94' title='bbox 1135 1508 1392 1514; x_wconf 95' lang='lat' dir='ltr'> </span> 
     </span>
    </p>
   </div>
   <div class='ocr_carea' id='block_1_8' title="bbox 498 1557 2062 1657">
    <p class='ocr_par' dir='ltr' id='par_1_9' title="bbox 498 1557 2062 1657">
     <span class='ocr_line' id='line_1_14' title="bbox 498 1557 2062 1601; baseline -0.001 -7"><span class='ocrx_word' id='word_1_95' title='bbox 498 1561 531 1594; x_wconf 92' lang='grc'>1.</span> <span class='ocrx_word' id='word_1_96' title='bbox 565 1558 640 1593; x_wconf 81' lang='lat' dir='ltr'>Sic:</span> <span class='ocrx_word' id='word_1_97' title='bbox 658 1558 680 1592; x_wconf 93' lang='lat' dir='ltr'>i.</span> <span class='ocrx_word' id='word_1_98' title='bbox 698 1570 728 1593; x_wconf 93' lang='lat' dir='ltr'>e.</span> <span class='ocrx_word' id='word_1_99' title='bbox 747 1570 794 1593; x_wconf 93' lang='lat' dir='ltr'>on</span> <span class='ocrx_word' id='word_1_100' title='bbox 812 1558 1000 1592; x_wconf 74' lang='lat' dir='ltr'>condition</span> <span class='ocrx_word' id='word_1_101' title='bbox 1017 1557 1101 1592; x_wconf 86' lang='lat' dir='ltr'>that</span> <span class='ocrx_word' id='word_1_102' title='bbox 1118 1570 1192 1601; x_wconf 89' lang='lat' dir='ltr'>you</span> <span class='ocrx_word' id='word_1_103' title='bbox 1209 1562 1317 1600; x_wconf 84' lang='lat' dir='ltr'>grant</span> <span class='ocrx_word' id='word_1_104' title='bbox 1334 1570 1427 1601; x_wconf 92' lang='lat' dir='ltr'>your</span> <span class='ocrx_word' id='word_1_105' title='bbox 1443 1557 1550 1592; x_wconf 85' lang='lat' dir='ltr'>favor</span> <span class='ocrx_word' id='word_1_106' title='bbox 1566 1561 1605 1592; x_wconf 84' lang='lat' dir='ltr'>to</span> <span class='ocrx_word' id='word_1_107' title='bbox 1623 1570 1687 1601; x_wconf 90' lang='lat' dir='ltr'>my</span> <span class='ocrx_word' id='word_1_108' title='bbox 1703 1558 1815 1593; x_wconf 88' lang='lat' dir='ltr'>work.</span> <span class='ocrx_word' id='word_1_109' title='bbox 1865 1558 1928 1593; x_wconf 85' lang='lat' dir='ltr'>Sic</span> <span class='ocrx_word' id='word_1_110' title='bbox 1944 1558 1974 1593; x_wconf 90' lang='lat' dir='ltr'>is</span> <span class='ocrx_word' id='word_1_111' title='bbox 1991 1558 2062 1594; x_wconf 88' lang='lat' dir='ltr'>fre-</span> 
     </span>
     <span class='ocr_line' id='line_1_15' title="bbox 565 1613 2062 1657; baseline 0.001 -9"><span class='ocrx_word' id='word_1_112' title='bbox 565 1614 719 1657; x_wconf 86' lang='lat' dir='ltr'>quently</span> <span class='ocrx_word' id='word_1_113' title='bbox 738 1613 827 1648; x_wconf 86' lang='lat' dir='ltr'>used</span> <span class='ocrx_word' id='word_1_114' title='bbox 846 1617 885 1648; x_wconf 88' lang='lat' dir='ltr'>to</span> <span class='ocrx_word' id='word_1_115' title='bbox 903 1613 1096 1648; x_wconf 83' lang='lat' dir='ltr'>introduce</span> <span class='ocrx_word' id='word_1_116' title='bbox 1115 1625 1136 1648; x_wconf 88' lang='lat' dir='ltr'>a</span> <span class='ocrx_word' id='word_1_117' title='bbox 1156 1613 1246 1648; x_wconf 87' lang='lat' dir='ltr'>wish</span> <span class='ocrx_word' id='word_1_118' title='bbox 1265 1613 1384 1648; x_wconf 85' lang='lat' dir='ltr'>which</span> <span class='ocrx_word' id='word_1_119' title='bbox 1402 1613 1432 1648; x_wconf 88' lang='lat' dir='ltr'>is</span> <span class='ocrx_word' id='word_1_120' title='bbox 1451 1613 1559 1648; x_wconf 86' lang='lat' dir='ltr'>made</span> <span class='ocrx_word' id='word_1_121' title='bbox 1578 1613 1806 1648; x_wconf 87' lang='lat' dir='ltr'>conditional</span> <span class='ocrx_word' id='word_1_122' title='bbox 1825 1625 1925 1657; x_wconf 91' lang='lat' dir='ltr'>upon</span> <span class='ocrx_word' id='word_1_123' title='bbox 1944 1625 2062 1649; x_wconf 89' lang='lat' dir='ltr'>some·</span> 
     </span>
    </p>
   </div>
   <div class='ocr_carea' id='block_1_9' title="bbox 564 1669 882 1712">
    <p class='ocr_par' dir='ltr' id='par_1_10' title="bbox 564 1669 882 1712">
     <span class='ocr_line' id='line_1_16' title="bbox 564 1669 882 1712; baseline -0.006 -8"><span class='ocrx_word' id='word_1_124' title='bbox 564 1669 670 1712; x_wconf 86' lang='lat' dir='ltr'>thing</span> <span class='ocrx_word' id='word_1_125' title='bbox 689 1669 776 1711; x_wconf 84' lang='lat' dir='ltr'>else;</span> <span class='ocrx_word' id='word_1_126' title='bbox 796 1681 827 1704; x_wconf 87' lang='lat' dir='ltr'>e.</span> <span class='ocrx_word' id='word_1_127' title='bbox 849 1681 882 1711; x_wconf 86' lang='lat' dir='ltr'>g.</span> 
     </span>
    </p>
   </div>
   <div class='ocr_carea' id='block_1_10' title="bbox 562 1745 1822 2065">
    <p class='ocr_par' dir='ltr' id='par_1_11' title="bbox 562 1745 1822 2065">
     <span class='ocr_line' id='line_1_17' title="bbox 562 1745 1783 1789; baseline -0.001 -8"><span class='ocrx_word' id='word_1_128' title='bbox 562 1746 666 1789; x_wconf 87' lang='lat' dir='ltr'>Verg.</span> <span class='ocrx_word' id='word_1_129' title='bbox 685 1746 759 1780; x_wconf 86' lang='lat' dir='ltr'>Ecl.</span> <span class='ocrx_word' id='word_1_130' title='bbox 778 1748 810 1781; x_wconf 89' lang='lat'>9.</span> <span class='ocrx_word' id='word_1_131' title='bbox 829 1747 944 1781; x_wconf 75' lang='lat'>30-32</span> <span class='ocrx_word' id='word_1_132' title='bbox 1000 1745 1063 1780; x_wconf 82' lang='lat' dir='ltr'>Sic</span> <span class='ocrx_word' id='word_1_133' title='bbox 1079 1750 1140 1779; x_wconf 87' lang='lat' dir='ltr'>tua</span> <span class='ocrx_word' id='word_1_134' title='bbox 1157 1745 1315 1788; x_wconf 78' lang='lat' dir='ltr'>Cyrneas</span> <span class='ocrx_word' id='word_1_135' title='bbox 1325 1747 1473 1788; x_wconf 72' lang='lat' dir='ltr'>fuyiant</span> <span class='ocrx_word' id='word_1_136' title='bbox 1489 1748 1656 1780; x_wconf 74' lang='lat' dir='ltr'>examina</span> <span class='ocrx_word' id='word_1_137' title='bbox 1672 1750 1783 1788; x_wconf 73' lang='lat' dir='ltr'>taxos,</span> 
     </span>
     <span class='ocr_line' id='line_1_18' title="bbox 999 1801 1822 1844; baseline 0.001 -9"><span class='ocrx_word' id='word_1_138' title='bbox 999 1801 1062 1835; x_wconf 86' lang='lat' dir='ltr'>Sic</span> <span class='ocrx_word' id='word_1_139' title='bbox 1079 1803 1188 1843; x_wconf 80' lang='lat' dir='ltr'>cytiso</span> <span class='ocrx_word' id='word_1_140' title='bbox 1207 1805 1328 1844; x_wconf 89' lang='lat' dir='ltr'>pastae</span> <span class='ocrx_word' id='word_1_141' title='bbox 1346 1801 1548 1835; x_wconf 78' lang='lat' dir='ltr'>distendant</span> <span class='ocrx_word' id='word_1_142' title='bbox 1566 1801 1673 1835; x_wconf 87' lang='lat' dir='ltr'>ubera</span> <span class='ocrx_word' id='word_1_143' title='bbox 1690 1813 1822 1843; x_wconf 81' lang='lat' dir='ltr'>vaccae,</span> 
     </span>
     <span class='ocr_line' id='line_1_19' title="bbox 1002 1857 1445 1899; baseline 0 -9"><span class='ocrx_word' id='word_1_144' title='bbox 1002 1857 1139 1899; x_wconf 86' lang='lat' dir='ltr'>Incipe,</span> <span class='ocrx_word' id='word_1_145' title='bbox 1165 1859 1198 1890; x_wconf 85' lang='lat' dir='ltr'>si</span> <span class='ocrx_word' id='word_1_146' title='bbox 1221 1857 1307 1899; x_wconf 82' lang='lat' dir='ltr'>quid</span> <span class='ocrx_word' id='word_1_147' title='bbox 1330 1857 1445 1891; x_wconf 87' lang='lat' dir='ltr'>habes.</span> 
     </span>
     <span class='ocr_line' id='line_1_20' title="bbox 564 1911 1631 1954; baseline -0.001 -8"><span class='ocrx_word' id='word_1_148' title='bbox 564 1912 653 1946; x_wconf 89' lang='lat' dir='ltr'>Hor.</span> <span class='ocrx_word' id='word_1_149' title='bbox 673 1911 791 1946; x_wconf 85' lang='lat' dir='ltr'>Carm.</span> <span class='ocrx_word' id='word_1_150' title='bbox 813 1913 843 1945; x_wconf 92' lang='lat'>1.</span> <span class='ocrx_word' id='word_1_151' title='bbox 862 1913 895 1946; x_wconf 88' lang='grc'>3.</span> <span class='ocrx_word' id='word_1_152' title='bbox 917 1913 983 1946; x_wconf 87' lang='grc'>1-8</span> <span class='ocrx_word' id='word_1_153' title='bbox 1140 1911 1203 1946; x_wconf 85' lang='lat' dir='ltr'>Sic</span> <span class='ocrx_word' id='word_1_154' title='bbox 1221 1916 1250 1945; x_wconf 87' lang='lat' dir='ltr'>te</span> <span class='ocrx_word' id='word_1_155' title='bbox 1267 1913 1348 1946; x_wconf 85' lang='lat' dir='ltr'>diva</span> <span class='ocrx_word' id='word_1_156' title='bbox 1366 1916 1488 1954; x_wconf 87' lang='lat' dir='ltr'>potens</span> <span class='ocrx_word' id='word_1_157' title='bbox 1506 1911 1631 1954; x_wconf 74' lang='lat' dir='ltr'>Cypri,</span> 
     </span>
     <span class='ocr_line' id='line_1_21' title="bbox 998 1966 1704 2010; baseline 0 -9"><span class='ocrx_word' id='word_1_158' title='bbox 998 1966 1060 2001; x_wconf 85' lang='lat' dir='ltr'>Sic</span> <span class='ocrx_word' id='word_1_159' title='bbox 1078 1967 1210 2009; x_wconf 84' lang='lat' dir='ltr'>fratres</span> <span class='ocrx_word' id='word_1_160' title='bbox 1236 1967 1402 2009; x_wconf 81' lang='lat' dir='ltr'>Helenae,</span> <span class='ocrx_word' id='word_1_161' title='bbox 1431 1966 1550 2001; x_wconf 85' lang='lat' dir='ltr'>lucida</span> <span class='ocrx_word' id='word_1_162' title='bbox 1575 1967 1704 2010; x_wconf 86' lang='lat' dir='ltr'>sidera,</span> 
     </span>
     <span class='ocr_line' id='line_1_22' title="bbox 1105 2023 1589 2065; baseline 0 -9"><span class='ocrx_word' id='word_1_163' title='bbox 1105 2023 1361 2065; x_wconf 78' lang='lat' dir='ltr'>Ventorumque</span> <span class='ocrx_word' id='word_1_164' title='bbox 1378 2026 1472 2064; x_wconf 75' lang='lat' dir='ltr'>reqat</span> <span class='ocrx_word' id='word_1_165' title='bbox 1490 2026 1589 2065; x_wconf 88' lang='lat' dir='ltr'>pater</span> 
     </span>
    </p>
   </div>
   <div class='ocr_carea' id='block_1_11' title="bbox 561 2132 2059 2728">
    <p class='ocr_par' dir='ltr' id='par_1_12' title="bbox 561 2132 2059 2728">
     <span class='ocr_line' id='line_1_23' title="bbox 1101 2132 1633 2175; baseline 0.002 -9"><span class='ocrx_word' id='word_1_166' title='bbox 1101 2132 1240 2166; x_wconf 80' lang='lat' dir='ltr'>Reddas</span> <span class='ocrx_word' id='word_1_167' title='bbox 1265 2132 1477 2167; x_wconf 86' lang='lat' dir='ltr'>incolumem</span> <span class='ocrx_word' id='word_1_168' title='bbox 1502 2144 1633 2175; x_wconf 85' lang='lat' dir='ltr'>precor,</span> 
     </span>
     <span class='ocr_line' id='line_1_24' title="bbox 1002 2187 1674 2222; baseline 0.001 -1"><span class='ocrx_word' id='word_1_169' title='bbox 1002 2187 1047 2221; x_wconf 76' lang='grc' dir='ltr'>Εἰ</span> <span class='ocrx_word' id='word_1_170' title='bbox 1066 2199 1175 2222; x_wconf 82' lang='lat' dir='ltr'>serves</span> <span class='ocrx_word' id='word_1_171' title='bbox 1194 2190 1337 2222; x_wconf 88' lang='lat' dir='ltr'>animae</span> <span class='ocrx_word' id='word_1_172' title='bbox 1356 2188 1548 2222; x_wconf 87' lang='lat' dir='ltr'>dimidium</span> <span class='ocrx_word' id='word_1_173' title='bbox 1567 2199 1674 2222; x_wconf 87' lang='lat' dir='ltr'>meae.</span> 
     </span>
     <span class='ocr_line' id='line_1_25' title="bbox 561 2240 2034 2286; baseline 0.002 -11"><span class='ocrx_word' id='word_1_174' title='bbox 561 2240 631 2275; x_wconf 86' lang='lat' dir='ltr'>Ov.</span> <span class='ocrx_word' id='word_1_175' title='bbox 650 2241 765 2284; x_wconf 85' lang='lat' dir='ltr'>Epist.</span> <span class='ocrx_word' id='word_1_176' title='bbox 785 2243 817 2276; x_wconf 88' lang='lat'>3.</span> <span class='ocrx_word' id='word_1_177' title='bbox 840 2243 953 2277; x_wconf 84' lang='lat'>135-7</span> <span class='ocrx_word' id='word_1_178' title='bbox 1001 2243 1110 2277; x_wconf 88' lang='lat' dir='ltr'>Nunc</span> <span class='ocrx_word' id='word_1_179' title='bbox 1127 2255 1270 2286; x_wconf 82' lang='lat' dir='ltr'>quoque,</span> <span class='ocrx_word' id='word_1_180' title='bbox 1289 2245 1341 2277; x_wconf 81' lang='lat' dir='ltr'>sic</span> <span class='ocrx_word' id='word_1_181' title='bbox 1358 2254 1477 2277; x_wconf 88' lang='lat' dir='ltr'>omnes</span> <span class='ocrx_word' id='word_1_182' title='bbox 1496 2243 1622 2277; x_wconf 81' lang='lat' dir='ltr'>Peleus</span> <span class='ocrx_word' id='word_1_183' title='bbox 1640 2247 1739 2286; x_wconf 89' lang='lat' dir='ltr'>pater</span> <span class='ocrx_word' id='word_1_184' title='bbox 1755 2242 1891 2286; x_wconf 82' lang='lat' dir='ltr'>inpleat</span> <span class='ocrx_word' id='word_1_185' title='bbox 1908 2254 2034 2285; x_wconf 85' lang='lat' dir='ltr'>annos,</span> 
     </span>
     <span class='ocr_line' id='line_1_26' title="bbox 1086 2298 1906 2341; baseline 0 -9"><span class='ocrx_word' id='word_1_186' title='bbox 1086 2298 1149 2332; x_wconf 86' lang='lat' dir='ltr'>Sic</span> <span class='ocrx_word' id='word_1_187' title='bbox 1170 2303 1224 2332; x_wconf 86' lang='lat' dir='ltr'>eat</span> <span class='ocrx_word' id='word_1_188' title='bbox 1247 2301 1424 2341; x_wconf 77' lang='lat' dir='ltr'>auspiciis</span> <span class='ocrx_word' id='word_1_189' title='bbox 1448 2299 1608 2341; x_wconf 79' lang='lat' dir='ltr'>Pyrrhus</span> <span class='ocrx_word' id='word_1_190' title='bbox 1630 2299 1677 2332; x_wconf 90' lang='lat' dir='ltr'>ad</span> <span class='ocrx_word' id='word_1_191' title='bbox 1699 2310 1801 2332; x_wconf 88' lang='lat' dir='ltr'>arma</span> <span class='ocrx_word' id='word_1_192' title='bbox 1822 2301 1906 2341; x_wconf 85' lang='lat' dir='ltr'>tuis,</span> 
     </span>
     <span class='ocr_line' id='line_1_27' title="bbox 996 2353 1843 2397; baseline 0.001 -10"><span class='ocrx_word' id='word_1_193' title='bbox 996 2353 1144 2396; x_wconf 83' lang='lat' dir='ltr'>Respice</span> <span class='ocrx_word' id='word_1_194' title='bbox 1163 2354 1351 2388; x_wconf 80' lang='lat' dir='ltr'>sollicitam</span> <span class='ocrx_word' id='word_1_195' title='bbox 1370 2354 1548 2396; x_wconf 85' lang='lat' dir='ltr'>Briseida,</span> <span class='ocrx_word' id='word_1_196' title='bbox 1565 2355 1673 2397; x_wconf 87' lang='lat' dir='ltr'>sortis</span> <span class='ocrx_word' id='word_1_197' title='bbox 1693 2354 1843 2388; x_wconf 83' lang='lat' dir='ltr'>Achille.</span> 
     </span>
     <span class='ocr_line' id='line_1_28' title="bbox 610 2406 2057 2452; baseline 0.003 -13"><span class='ocrx_word' id='word_1_198' title='bbox 610 2408 674 2449; x_wconf 85' lang='lat' dir='ltr'>pia</span> <span class='ocrx_word' id='word_1_199' title='bbox 694 2411 781 2441; x_wconf 86' lang='lat' dir='ltr'>vota:</span> <span class='ocrx_word' id='word_1_200' title='bbox 803 2406 892 2441; x_wconf 88' lang='lat' dir='ltr'>This</span> <span class='ocrx_word' id='word_1_201' title='bbox 912 2408 1120 2450; x_wconf 87' lang='lat' dir='ltr'>expression</span> <span class='ocrx_word' id='word_1_202' title='bbox 1140 2408 1170 2442; x_wconf 92' lang='lat' dir='ltr'>is</span> <span class='ocrx_word' id='word_1_203' title='bbox 1191 2409 1281 2444; x_wconf 85' lang='lat' dir='ltr'>used</span> <span class='ocrx_word' id='word_1_204' title='bbox 1297 2408 1439 2444; x_wconf 87' lang='lat' dir='ltr'>several</span> <span class='ocrx_word' id='word_1_205' title='bbox 1455 2409 1564 2444; x_wconf 87' lang='lat' dir='ltr'>times</span> <span class='ocrx_word' id='word_1_206' title='bbox 1579 2409 1631 2452; x_wconf 86' lang='lat' dir='ltr'>by</span> <span class='ocrx_word' id='word_1_207' title='bbox 1645 2408 1755 2451; x_wconf 87' lang='lat' dir='ltr'>Ovid,</span> <span class='ocrx_word' id='word_1_208' title='bbox 1772 2421 1803 2444; x_wconf 87' lang='lat' dir='ltr'>e.</span> <span class='ocrx_word' id='word_1_209' title='bbox 1821 2420 1854 2451; x_wconf 88' lang='lat' dir='ltr'>g.</span> <span class='ocrx_word' id='word_1_210' title='bbox 1872 2409 1954 2443; x_wconf 88' lang='lat' dir='ltr'>Am.</span> <span class='ocrx_word' id='word_1_211' title='bbox 1972 2410 2005 2443; x_wconf 89' lang='lat'>2.</span> <span class='ocrx_word' id='word_1_212' title='bbox 2023 2410 2057 2443; x_wconf 87' lang='lat'>6.</span> 
     </span>
     <span class='ocr_line' id='line_1_29' title="bbox 563 2462 2058 2507; baseline 0.002 -12"><span class='ocrx_word' id='word_1_213' title='bbox 563 2462 607 2496; x_wconf 87' lang='grc'>43</span> <span class='ocrx_word' id='word_1_214' title='bbox 656 2462 751 2502; x_wconf 81' lang='lat' dir='ltr'>Quid</span> <span class='ocrx_word' id='word_1_215' title='bbox 774 2463 921 2504; x_wconf 85' lang='lat' dir='ltr'>referam</span> <span class='ocrx_word' id='word_1_216' title='bbox 945 2464 1090 2497; x_wconf 84' lang='lat' dir='ltr'>timidae</span> <span class='ocrx_word' id='word_1_217' title='bbox 1111 2475 1174 2506; x_wconf 87' lang='lat' dir='ltr'>pro</span> <span class='ocrx_word' id='word_1_218' title='bbox 1194 2468 1223 2498; x_wconf 89' lang='lat' dir='ltr'>te</span> <span class='ocrx_word' id='word_1_219' title='bbox 1245 2466 1308 2506; x_wconf 84' lang='lat' dir='ltr'>pia</span> <span class='ocrx_word' id='word_1_220' title='bbox 1328 2469 1403 2499; x_wconf 83' lang='lat' dir='ltr'>vota</span> <span class='ocrx_word' id='word_1_221' title='bbox 1424 2464 1582 2507; x_wconf 83' lang='lat' dir='ltr'>puellae?</span> <span class='ocrx_word' id='word_1_222' title='bbox 1632 2464 1719 2498; x_wconf 82' lang='lat' dir='ltr'>Met.</span> <span class='ocrx_word' id='word_1_223' title='bbox 1750 2466 1780 2498; x_wconf 89' lang='lat'>1.</span> <span class='ocrx_word' id='word_1_224' title='bbox 1808 2465 1875 2498; x_wconf 85' lang='lat'>221</span> <span class='ocrx_word' id='word_1_225' title='bbox 1926 2464 2058 2499; x_wconf 83' lang='lat' dir='ltr'>Irridet</span> 
     </span>
     <span class='ocr_line' id='line_1_30' title="bbox 564 2517 2054 2562; baseline 0.003 -13"><span class='ocrx_word' id='word_1_226' title='bbox 564 2518 679 2558; x_wconf 86' lang='lat' dir='ltr'>primo</span> <span class='ocrx_word' id='word_1_227' title='bbox 694 2519 757 2559; x_wconf 84' lang='lat' dir='ltr'>pia</span> <span class='ocrx_word' id='word_1_228' title='bbox 771 2521 845 2551; x_wconf 81' lang='lat' dir='ltr'>vota</span> <span class='ocrx_word' id='word_1_229' title='bbox 859 2517 1011 2559; x_wconf 75' lang='lat' dir='ltr'>Lycaon.</span> <span class='ocrx_word' id='word_1_230' title='bbox 1063 2518 1129 2553; x_wconf 85' lang='lat' dir='ltr'>See</span> <span class='ocrx_word' id='word_1_231' title='bbox 1143 2518 1220 2553; x_wconf 89' lang='lat' dir='ltr'>also</span> <span class='ocrx_word' id='word_1_232' title='bbox 1237 2520 1323 2553; x_wconf 87' lang='lat' dir='ltr'>Met.</span> <span class='ocrx_word' id='word_1_233' title='bbox 1340 2521 1373 2554; x_wconf 83' lang='lat'>8.</span> <span class='ocrx_word' id='word_1_234' title='bbox 1391 2521 1470 2562; x_wconf 89' lang='lat'>499,</span> <span class='ocrx_word' id='word_1_235' title='bbox 1488 2520 1583 2554; x_wconf 89' lang='lat' dir='ltr'>Fast.</span> <span class='ocrx_word' id='word_1_236' title='bbox 1603 2521 1633 2553; x_wconf 90' lang='lat'>1.</span> <span class='ocrx_word' id='word_1_237' title='bbox 1650 2520 1730 2561; x_wconf 88' lang='lat'><strong>722,</strong></span> <span class='ocrx_word' id='word_1_238' title='bbox 1748 2520 1846 2554; x_wconf 83' lang='lat' dir='ltr'>Rem.</span> <span class='ocrx_word' id='word_1_239' title='bbox 1862 2521 1943 2554; x_wconf 87' lang='lat'>813.</span> <span class='ocrx_word' id='word_1_240' title='bbox 1994 2519 2054 2554; x_wconf 78' lang='lat' dir='ltr'>Cf.</span> 
     </span>
     <span class='ocr_line' id='line_1_31' title="bbox 562 2571 2059 2618; baseline 0.003 -14"><span class='ocrx_word' id='word_1_241' title='bbox 562 2571 698 2605; x_wconf 90' lang='lat' dir='ltr'>Auson.</span> <span class='ocrx_word' id='word_1_242' title='bbox 723 2573 801 2606; x_wconf 84' lang='lat'>390.</span> <span class='ocrx_word' id='word_1_243' title='bbox 825 2573 917 2607; x_wconf 87' lang='lat'>27—8</span> <span class='ocrx_word' id='word_1_244' title='bbox 965 2573 1110 2607; x_wconf 86' lang='lat' dir='ltr'>Nesciat</span> <span class='ocrx_word' id='word_1_245' title='bbox 1132 2574 1192 2608; x_wconf 81' lang='lat' dir='ltr'>hos</span> <span class='ocrx_word' id='word_1_246' title='bbox 1214 2578 1331 2615; x_wconf 83' lang='lat' dir='ltr'>natus,</span> <span class='ocrx_word' id='word_1_247' title='bbox 1354 2579 1511 2609; x_wconf 85' lang='lat' dir='ltr'>numeret</span> <span class='ocrx_word' id='word_1_248' title='bbox 1534 2577 1779 2618; x_wconf 83' lang='lat' dir='ltr'>properantior</span> <span class='ocrx_word' id='word_1_249' title='bbox 1815 2575 1921 2617; x_wconf 83' lang='lat' dir='ltr'>heres,</span> <span class='ocrx_word' id='word_1_250' title='bbox 1976 2575 2059 2609; x_wconf 90' lang='lat' dir='ltr'>Tes-</span> 
     </span>
     <span class='ocr_line' id='line_1_32' title="bbox 561 2629 2058 2673; baseline 0.003 -14"><span class='ocrx_word' id='word_1_251' title='bbox 561 2630 714 2660; x_wconf 87' lang='lat' dir='ltr'>tamenta</span> <span class='ocrx_word' id='word_1_252' title='bbox 737 2629 849 2669; x_wconf 72' lang='lat' dir='ltr'>maqis</span> <span class='ocrx_word' id='word_1_253' title='bbox 872 2639 977 2670; x_wconf 81' lang='lat' dir='ltr'>quam</span> <span class='ocrx_word' id='word_1_254' title='bbox 1001 2630 1064 2670; x_wconf 86' lang='lat' dir='ltr'>pia</span> <span class='ocrx_word' id='word_1_255' title='bbox 1087 2633 1161 2663; x_wconf 81' lang='lat' dir='ltr'>vota</span> <span class='ocrx_word' id='word_1_256' title='bbox 1179 2630 1302 2671; x_wconf 79' lang='lat' dir='ltr'>fovens</span> <span class='ocrx_word' id='word_1_257' title='bbox 1351 2630 1425 2664; x_wconf 84' lang='lat' dir='ltr'>and</span> <span class='ocrx_word' id='word_1_258' title='bbox 1462 2631 1568 2665; x_wconf 65' lang='lat'>3918</span> <span class='ocrx_word' id='word_1_259' title='bbox 1616 2629 1723 2664; x_wconf 90' lang='lat' dir='ltr'>Solus</span> <span class='ocrx_word' id='word_1_260' title='bbox 1746 2641 1854 2670; x_wconf 87' lang='lat' dir='ltr'>eram,</span> <span class='ocrx_word' id='word_1_261' title='bbox 1872 2631 2058 2673; x_wconf 75' lang='lat' dir='ltr'>prosuyae-</span> 
     </span>
     <span class='ocr_line' id='line_1_33' title="bbox 562 2681 1866 2728; baseline 0.005 -14"><span class='ocrx_word' id='word_1_262' title='bbox 562 2692 626 2724; x_wconf 85' lang='lat' dir='ltr'>que</span> <span class='ocrx_word' id='word_1_263' title='bbox 642 2681 768 2715; x_wconf 86' lang='lat' dir='ltr'>dabam</span> <span class='ocrx_word' id='word_1_264' title='bbox 787 2684 850 2724; x_wconf 86' lang='lat' dir='ltr'>pia</span> <span class='ocrx_word' id='word_1_265' title='bbox 868 2687 941 2717; x_wconf 85' lang='lat' dir='ltr'>vota</span> <span class='ocrx_word' id='word_1_266' title='bbox 959 2686 1112 2718; x_wconf 79' lang='lat' dir='ltr'>carinae.</span> <span class='ocrx_word' id='word_1_267' title='bbox 1167 2685 1255 2718; x_wconf 86' lang='lat' dir='ltr'>Vota</span> <span class='ocrx_word' id='word_1_268' title='bbox 1274 2685 1303 2719; x_wconf 88' lang='lat' dir='ltr'>is</span> <span class='ocrx_word' id='word_1_269' title='bbox 1322 2685 1532 2720; x_wconf 78' lang='lat' dir='ltr'>accusative</span> <span class='ocrx_word' id='word_1_270' title='bbox 1550 2685 1589 2720; x_wconf 87' lang='lat' dir='ltr'>of</span> <span class='ocrx_word' id='word_1_271' title='bbox 1606 2685 1713 2720; x_wconf 87' lang='lat' dir='ltr'>inner</span> <span class='ocrx_word' id='word_1_272' title='bbox 1730 2685 1866 2728; x_wconf 81' lang='lat' dir='ltr'>object.</span> 
     </span>
    </p>
   </div>
  </div>
 </body>
</html>
