2372 3582
523 432 577 473 38

523 763 576 803 95

784 431 858 471 An
887 430 1167 482 Anonymous
1197 431 1361 482 Epistle
1392 432 1438 483 os
1463 431 1576 472 Dido
1608 435 1646 472 to
1675 431 1843 472 Aeneas

638 563 844 604 Membra
876 577 1121 614 manusque
1153 568 1254 605 tuas
1286 564 1578 615 miseramque
1610 563 1887 605 tumentibus
1920 562 2049 604 undis

638 629 932 680 Praecipitare
969 630 1098 680 diem,
1137 635 1338 680 poteram
1375 630 1606 671 crescentis
1643 630 1726 670 Iuli

638 695 860 746 Rumpere
888 696 984 737 fata
1013 709 1148 736 manu
1179 709 1454 747 parvumque
1482 696 1696 737 resolvere
1726 708 1881 746 corpus

637 761 787 802 Morte
813 762 936 812 gravi
964 775 1243 812 mersumque
1270 762 1315 802 in
1341 762 1508 803 viscera
1534 762 1663 813 figere
1688 762 1853 803 ferrum

635 827 712 868 Vel
737 826 841 868 dare
866 827 1064 868 membra
1087 827 1207 878 feris;
1231 828 1307 868 sed
1332 832 1483 869 nostro
1507 832 1682 878 pectore
1705 828 1881 878 pulsum

635 893 780 934 Cessit
811 906 958 934 amore
989 893 1125 944 nefas,
1159 898 1203 934 et
1233 893 1419 934 honesta
1450 894 1642 944 pericula
1671 907 1825 944 passus

635 959 783 1000 Corda
810 959 965 1009 ligavit
994 972 1130 1000 amor.
1193 959 1299 1009 Quis
1327 964 1506 1000 tantum
1533 960 1578 1000 in
1605 960 1778 1010 hospite
1804 959 1938 1000 vellet

633 1025 730 1066 Hoc
755 1025 915 1066 audere
940 1024 1088 1066 nefas?
1149 1024 1256 1075 Quis
1280 1030 1390 1066 vota
1414 1026 1612 1067 nocentis
1637 1025 1823 1067 habere?

521 1093 600 1132 100
637 1091 797 1132 Nullus
822 1104 945 1132 amor
970 1091 1052 1132 sub
1078 1091 1233 1132 fraude
1258 1091 1382 1132 latet.
1445 1092 1529 1132 Cui
1555 1092 1688 1143 digna
1712 1091 1937 1143 rependes,

513 1279 570 1312 92.

621 1288 814 1320 seramque
850 1278 1014 1311 Burman
1069 1278 1127 1311 94.
1185 1277 1265 1312 fata
1302 1278 1334 1311 A
1385 1279 1442 1312 95.
1494 1277 1624 1312 Moxte
1661 1278 1707 1321 A,
1746 1289 1832 1312 corr.
1865 1277 2000 1312 Heinse
2048 1277 2106 1311 96.

513 1343 641 1367 mensa
658 1333 704 1374 A,
719 1332 886 1367 membra
903 1344 926 1366 a
974 1333 1031 1367 97.
1082 1332 1225 1367 Crescit
1244 1333 1290 1374 A,
1307 1332 1428 1368 Cessit
1445 1332 1627 1375 Schrader,
1643 1334 1731 1376 Hiqt
1771 1333 1946 1367 honestas
1958 1332 2004 1374 A,
2019 1343 2106 1366 corr.

513 1399 534 1421 a
583 1389 639 1422 98.
690 1387 781 1430 ligat
808 1388 854 1428 A,
884 1387 1015 1429 ligavit
1043 1387 1154 1430 vulqo,
1183 1387 1344 1430 liquauit
1372 1388 1530 1430 Maehly,
1561 1388 1696 1430 fatigat
1723 1388 1904 1422 Baehrens
1952 1386 2107 1429 hospide

513 1442 617 1477 uellit
641 1443 673 1477 A
725 1445 782 1478 99.
833 1442 960 1478 audire
984 1443 1017 1477 A
1071 1444 1150 1477 100.
1200 1442 1310 1478 laude
1339 1443 1385 1486 A,
1413 1443 1521 1478 corde
1556 1452 1591 1486 α,
1630 1443 1712 1478 labe
1747 1443 1939 1485 Baehrens,
1977 1441 2108 1477 fraude

512 1498 615 1533 Riese
667 1499 746 1541 100,
770 1499 848 1540 105,
872 1500 949 1541 111,
974 1499 1051 1533 116.
1072 1497 1183 1541 digne
1201 1498 1247 1541 A,
1269 1510 1355 1533 corr.
1376 1510 1399 1532 a

512 1676 571 1710 92.

511 2359 571 2393 93.

512 2714 576 2747 94.

606 1685 735 1708 manus
757 1685 874 1709 seems
895 1677 935 1709 to
957 1673 1003 1709 be
1025 1673 1146 1709 added
1160 1677 1199 1709 to
1214 1675 1367 1708 membra
1379 1674 1468 1718 only
1481 1678 1521 1709 to
1534 1674 1642 1710 make
1655 1687 1702 1710 an
1715 1674 1937 1709 alliterative
1953 1673 2088 1716 phrase
2101 1653 2110 1669 '

607 1729 750 1771 though
768 1729 799 1764 it
818 1741 907 1772 may
926 1729 1022 1764 have
1041 1729 1135 1764 been
1156 1729 1353 1772 suggested
1371 1729 1423 1773 by
1442 1729 1572 1764 Ovid’s
1592 1733 1750 1765 account
1769 1729 1807 1764 of
1826 1729 1890 1764 the
1916 1728 2045 1771 killing
2074 1740 2096 1763 o

606 1784 792 1828 Absyrtus
816 1784 868 1828 by
894 1784 1042 1827 Medea,
1069 1785 1189 1820 where
1214 1785 1279 1820 the
1304 1785 1425 1820 hands
1450 1797 1511 1820 are
1535 1785 1751 1820 mentioned
1775 1784 2033 1828 particularly;
2067 1783 2104 1818 cf

611 1840 716 1874 Trist.
742 1841 774 1874 3.
800 1842 833 1874 9.
859 1841 976 1875 27—30

701 1895 816 1938 Atque
832 1897 884 1929 ita
901 1894 1044 1937 divellit,
1063 1894 1269 1938 divulsaque
1286 1895 1440 1929 membra
1457 1907 1519 1938 per
1535 1907 1637 1938 aoros

796 1951 974 1994 Dissipat,
999 1952 1040 1985 in
1062 1950 1185 1985 multis
1207 1951 1421 1985 invenienda
1443 1950 1543 1992 locis;

701 2006 785 2040 Neu
808 2010 906 2048 pater
928 2008 1073 2049 iqnoret,
1098 2005 1245 2048 scopulo
1268 2008 1435 2049 proponit
1457 2008 1498 2040 in
1521 2006 1591 2040 alto

796 2061 1040 2104 Pallentesque
1067 2073 1207 2104 manus,
1236 2064 1540 2104 sanquineumque
1566 2065 1683 2104 caput.

607 2129 772 2161 miseram
795 2127 904 2161 diem:
931 2126 1005 2170 day
1028 2127 1066 2162 of
1090 2127 1215 2162 death.
1267 2128 1384 2162 Miser
1407 2127 1437 2161 is
1461 2127 1578 2162 found
1601 2127 1639 2161 in
1662 2126 1903 2170 inscriptions
1932 2125 2109 2168 referring

606 2186 646 2217 to
673 2182 736 2217 the
763 2182 869 2217 dead.
922 2182 980 2217 Cf.
1010 2182 1098 2217 Isid.
1126 2182 1223 2225 Ori9.
1255 2184 1308 2217 10.
1341 2184 1406 2217 173
1456 2182 1814 2217 Miser—-secundum
1840 2186 1956 2215 autem
1991 2181 2110 2216 Cicer-

607 2249 707 2271 onem
731 2240 874 2280 proprie
898 2241 1068 2279 mortuus,
1095 2240 1157 2281 qui
1179 2241 1220 2272 in
1248 2238 1465 2272 Tusculanis
1489 2240 1634 2272 miseros
1658 2242 1813 2272 mortuos
1837 2241 1941 2278 vocat,
1968 2240 2110 2279 propter

607 2293 697 2336 quod
720 2295 794 2326 iam
817 2295 1014 2327 amiserunt
1037 2296 1155 2327 vitam.
1208 2293 1266 2327 Cf.
1293 2293 1371 2328 Cic.
1400 2294 1502 2327 Tusc.
1531 2295 1561 2327 1.
1586 2295 1619 2328 9.

606 2358 863 2400 Praecipitare:
885 2359 930 2393 cf.
948 2358 1076 2402 Quint.
1096 2359 1189 2393 Decl.
1205 2360 1238 2393 4.
1259 2360 1302 2393 10
1351 2359 1507 2393 Miraris
1523 2359 1614 2402 quod
1630 2370 1798 2401 suprema
1814 2369 1891 2392 mea
1906 2360 1984 2400 ipse
2007 2368 2110 2400 prae·

608 2416 761 2456 cipitem.

607 2468 745 2503 Lucan.
771 2469 802 2503 7.
829 2471 922 2503 51-2
970 2481 1038 2503 sua
1061 2471 1207 2512 quisque
1231 2481 1272 2503 ac
1295 2469 1439 2512 publica
1455 2471 1536 2512 sata
1586 2469 1830 2511 Praecipitare
1853 2470 1965 2511 cupit.

606 2537 804 2568 crescentis:
835 2535 881 2569 cf.
905 2535 1011 2578 Verg.
1034 2535 1110 2569 Ecl.
1134 2536 1165 2569 7.
1189 2537 1234 2570 25
1284 2535 1409 2569 hedera
1429 2539 1634 2569 crescentem
1654 2539 1775 2569 ornate
1797 2538 1945 2577 poetam.

609 2589 715 2632 Verg.
734 2590 814 2623 Aen
844 2592 877 2624 4.
897 2591 966 2625 274
1014 2591 1216 2624 Ascanium
1233 2594 1429 2632 surqentem
1446 2594 1475 2624 et
1493 2602 1573 2633 spes
1591 2590 1726 2624 heredis
1744 2590 1833 2624 Iuli.

609 2643 678 2678 Ov.
700 2646 745 2679 M
747 2649 788 2679 et.
813 2647 866 2679 14.
888 2647 957 2680 583
1006 2646 1134 2688 opibus
1153 2648 1336 2680 crescentis
1356 2645 1444 2679 Iuli.

611 2710 787 2752 Rumpere
797 2713 893 2754 sata:
919 2711 1034 2746 break
1051 2712 1102 2746 off
1119 2711 1183 2746 the
1200 2711 1333 2746 thread
1350 2711 1389 2746 of
1405 2711 1466 2746 life
1483 2723 1579 2754 spun
1596 2711 1647 2754 by
1664 2711 1728 2745 the
1746 2711 1868 2745 Fates.

610 2765 668 2800 Cf.
694 2766 800 2808 Verg.
825 2767 915 2800 Aen.
941 2769 973 2801 4.
999 2769 1066 2802 631
1116 2768 1137 2802 I
1140 2769 1280 2801 nvisam
1296 2778 1465 2809 quaerens
1477 2778 1583 2809 quam
1596 2769 1752 2809 primum
1764 2767 1970 2809 abrumpere
1984 2765 2107 2800 lucem.

697 2820 758 2855 Sil.
784 2823 816 2856 6.
841 2823 979 2856 510—11
1268 2821 1316 2856 vel
1338 2825 1370 2856 si
1393 2826 1459 2856 stat
1483 2833 1643 2864 rumpere
1665 2824 1772 2856 vitam

1116 2877 1164 2911 In
1194 2879 1314 2920 patria
1343 2879 1548 2911 moriamur.

858 2932 890 2965 7.
911 2933 955 2966 33
1106 2933 1178 2966 Hic
1197 2933 1324 2966 ardens
1342 2936 1493 2966 extrema
1511 2931 1616 2966 malis
1635 2936 1665 2966 et
1683 2943 1844 2974 rumpere
1863 2934 1981 2966 vitam.

847 2988 880 3020 2.
908 2987 1024 3021 597-8
1110 2987 1315 3030 abrumpere
1341 2990 1447 3021 vitam
1498 3014 1506 3021 .
1539 3014 1546 3022 .
1580 3014 1587 3021 .
1620 3014 1628 3021 .
1678 2991 1860 3030 quaerunt.

613 3040 671 3080 (In
689 3040 794 3082 Verg.
812 3041 902 3075 Aen.
920 3043 952 3076 6.
970 3044 1040 3077 882
1099 3045 1132 3076 si
1146 3054 1215 3085 qua
1221 3044 1303 3086 sata
1315 3054 1443 3085 aspera
1457 3054 1605 3085 rumpas
1667 3042 1732 3077 the
1758 3041 1968 3085 expression
1992 3040 2060 3076 has
2086 3052 2108 3076 a

606 3095 779 3130 different
798 3097 932 3137 sense.)
